<record><leader>00000cas a2200000 a 4500</leader><controlfield tag="001">36149600</controlfield><controlfield tag="008">970102d19061906miudn n       0    0eng c</controlfield><datafield ind1=" " ind2=" " tag="010"><subfield code="a">sn 96077448 </subfield></datafield><datafield ind1=" " ind2=" " tag="040"><subfield code="a">MHN</subfield><subfield code="b">eng</subfield><subfield code="c">MHN</subfield><subfield code="d">OCL</subfield><subfield code="d">OCLCQ</subfield><subfield code="d">OCLCF</subfield><subfield code="d">OCLCO</subfield><subfield code="d">OCLCA</subfield></datafield><datafield ind1="1" ind2=" " tag="029"><subfield code="a">AU@</subfield><subfield code="b">000013023209</subfield></datafield><datafield ind1=" " ind2=" " tag="042"><subfield code="a">pcc</subfield></datafield><datafield ind1=" " ind2=" " tag="043"><subfield code="a">n-us-mi</subfield></datafield><datafield ind1="0" ind2="4" tag="245"><subfield code="a">The Pontiac daily press, the Pontiac gazette.</subfield></datafield><datafield ind1="1" ind2="3" tag="246"><subfield code="a">Daily press</subfield></datafield><datafield ind1="1" ind2="7" tag="246"><subfield code="a">Pontiac daily press and gazette</subfield></datafield><datafield ind1=" " ind2=" " tag="260"><subfield code="a">Pontiac, Mich. :</subfield><subfield code="b">Harry Coleman</subfield></datafield><datafield ind1=" " ind2=" " tag="300"><subfield code="a">v.</subfield></datafield><datafield ind1=" " ind2=" " tag="310"><subfield code="a">Daily (except Sun.)</subfield></datafield><datafield ind1="0" ind2=" " tag="362"><subfield code="a">Vol. 6, no. 283 (Aug. 20, 1906)-v. 6, no. 294 (Sept. 1, 1906) = whole no. 1846-1857 = v. 2, no. 61-v. 2, no. 72 ; v. 1 [i.e. 2], no. 12 (Sept. 4, 1906)-v. 2, no. 49 (Oct. 17, 1906).</subfield></datafield><datafield ind1=" " ind2=" " tag="580"><subfield code="a">Formed by the union of: Pontiac daily press (Pontiac, Mich. : 1903), and: Pontiac gazette (Pontiac, Mich. : Daily) &lt;title uncertain&gt;.</subfield></datafield><datafield ind1=" " ind2="0" tag="651"><subfield code="a">Pontiac (Mich.)</subfield><subfield code="v">Newspapers.</subfield></datafield><datafield ind1=" " ind2="0" tag="651"><subfield code="a">Oakland County (Mich.)</subfield><subfield code="v">Newspapers.</subfield></datafield><datafield ind1=" " ind2="7" tag="655"><subfield code="a">Newspapers.</subfield><subfield code="2">fast</subfield><subfield code="0">(OCoLC)fst01423814</subfield></datafield><datafield ind1=" " ind2="7" tag="651"><subfield code="a">Michigan</subfield><subfield code="z">Oakland County.</subfield><subfield code="2">fast</subfield><subfield code="0">(OCoLC)fst01214740</subfield></datafield><datafield ind1=" " ind2="7" tag="651"><subfield code="a">Michigan</subfield><subfield code="z">Pontiac.</subfield><subfield code="2">fast</subfield><subfield code="0">(OCoLC)fst01215398</subfield></datafield><datafield ind1=" " ind2=" " tag="752"><subfield code="a">United States</subfield><subfield code="b">Michigan</subfield><subfield code="c">Oakland</subfield><subfield code="d">Pontiac.</subfield></datafield><datafield ind1="1" ind2="4" tag="780"><subfield code="t">Pontiac daily press (Pontiac, Mich. : 1903)</subfield><subfield code="w">(DLC)sn 96077447</subfield><subfield code="w">(OCoLC)36149088</subfield></datafield><datafield ind1="1" ind2="4" tag="780"><subfield code="t">Pontiac gazette (Pontiac, Mich. : Daily)</subfield></datafield><datafield ind1="0" ind2="0" tag="785"><subfield code="t">Pontiac press gazette</subfield><subfield code="w">(DLC)sn 96077449</subfield><subfield code="w">(OCoLC)36158294</subfield></datafield></record>